

@techreport{BergerVergiat2023a,
  address = {Albuquerque, NM (USA) 87185},
  author = {Berger-Vergiat, Luc and Glusa, Christian A. and Harper, Graham and Hu, Jonathan J. and Mayr, Matthias and Prokopenko, Andrey and Siefert, Christopher M. and Tuminaro, Raymond S. and Wiesner, Tobias A.},
  institution = {Sandia National Laboratories},
  number = {SAND2023-12265},
  title = {{MueLu User's Guide}},
  year = {2023}}

@techreport{Gee2006a,
  address = {Albuquerque, NM (USA) 87185},
  author = {Gee, Michael W. and Siefert, Christopher M. and Hu, Jonathan J. and Tuminaro, Ray S. and Sala, Marzio G.},
  institution = {Sandia National Laboratories},
  number = {SAND2006-2649},
  title = {{ML 5.0 Smoothed Aggregation User's Guide}},
  year = {2006}}

@article{Heroux2005a,
  author = {Heroux, Michael A. and Bartlett, Roscoe A. and Howle, Vicki E. and Hoekstra, Robert J. and Hu, Jonathan J. and Kolda, Tamara G. and Lehoucq and Long, Kevin R. and Pawlowski, Roger P. and Phipps, Eric T. and Salinger, Andrew G. and Thornquist, Heidi K. and Tuminaro, Ray S. and Willenbring, James M. and Williams, Alan and Stanley, Kendall S.},
  doi = {10.1145/1089014.1089021},
  journal = {ACM Transactions on Mathematical Software},
  number = {3},
  pages = {397--423},
  title = {{An Overview of the Trilinos Project}},
  volume = {31},
  year = {2005}}

@article{Lin2017a,
  author = {Lin, Paul T. and Shadid, John N. and Hu, Jonathan J. and Pawlowski, Roger P. and Cyr, Eric C.},
  journal = {Journal of Computational and Applied Mathematics},
  pages = {782--793},
  title = {{Performance of fully-coupled algebraic multigrid preconditioners for large-scale VMS resistive MHD}},
  volume = {344},
  year = {2017}}

@article{Mayr2022a,
  author = {Mayr, Matthias and Berger-Vergiat, Luc and Ohm, Peter and Tuminaro, Raymond S.},
  doi = {10.1137/20M1375413},
  journal = {SIAM Journal on Scientific Computing},
  number = {4},
  pages = {A2734--A2764},
  title = {Non-invasive multigrid for semi-structured grids},
  url = {https://doi.org/10.1137/20M1375413},
  volume = {44},
  year = {2022}}

@url{Mayr2023b,
  author = {Mayr, Matthias and Wiesner, Tobias A. and Harper, Graham and Prokopenko, Andrey and Hu, Jonathan J.},
  title = {The MueLu Tutorial},
  url = {https://muelu-tutorial.readthedocs.io/},
  urldate = {2023}}

@article{Thomas2019a,
  author = {Thomas, S. J. and Ananthan, S. and Yellapantula, S. and Hu, Jonathan J. and Lawson, M. and Sprague, Michael A.},
  journal = {SIAM Journal on Scientific Computing},
  number = {5},
  pages = {S196--S219},
  title = {A Comparison of Classical and Aggregation-Based Algebraic Multigrid Preconditioners for High-Fidelity Simulations of Wind Turbine Incompressible Flows},
  volume = {41},
  year = {2019}}

@article{Vanek1996a,
  author = {Van\v{e}k, Petr and Mandel, Jan and Brezina, Marian},
  journal = {Computing},
  pages = {179--196},
  title = {{Algebraic Multigrid By Smoothed Aggregation For Second And Fourth Order Elliptic Problems}},
  volume = {56},
  year = {1996}}

